<collection xmlns="http://www.loc.gov/MARC21/slim"><record><leader>00842nam  2200253   450</leader><controlfield tag="001">440</controlfield><controlfield tag="003">http://montalegre.opacnet.com/OPAC/default.aspx?ContentAreaControl=ShowRegHoldings.ascx&amp;RegNo=16662</controlfield><datafield tag="021" ind1=" " ind2=" "><subfield code="a">PT</subfield><subfield code="b">24256/88</subfield></datafield><datafield tag="095" ind1=" " ind2=" "><subfield code="a">PTBN00127046</subfield></datafield><datafield tag="100" ind1=" " ind2=" "><subfield code="a">19890608d1988    m  y0pora010305  ba</subfield></datafield><datafield tag="101" ind1="1" ind2=" "><subfield code="a">por</subfield><subfield code="c">eng</subfield></datafield><datafield tag="102" ind1=" " ind2=" "><subfield code="a">PT</subfield></datafield><datafield tag="105" ind1=" " ind2=" "><subfield code="a">y   z   000ay</subfield></datafield><datafield tag="106" ind1=" " ind2=" "><subfield code="a">r</subfield></datafield><datafield tag="200" ind1="1" ind2=" "><subfield code="a">&lt;As &gt;folias de Kirkland</subfield><subfield code="e">romance</subfield><subfield code="f">Victoria Holt</subfield><subfield code="g">trad. Maria Emília Ferros Moura</subfield></datafield><datafield tag="210" ind1=" " ind2=" "><subfield code="a">Lisboa</subfield><subfield code="c">Guimarães Editores</subfield><subfield code="d">1988</subfield></datafield><datafield tag="215" ind1=" " ind2=" "><subfield code="a">310 p.</subfield><subfield code="d">18 cm</subfield></datafield><datafield tag="225" ind1="2" ind2=" "><subfield code="a">Guimarães de bolso</subfield><subfield code="i">Selecção</subfield><subfield code="v">6</subfield></datafield><datafield tag="304" ind1=" " ind2=" "><subfield code="a">Tít. orig. : Kirkland revels</subfield></datafield><datafield tag="675" ind1=" " ind2=" "><subfield code="a">820-31 Holt, Victoria</subfield><subfield code="v">BN</subfield><subfield code="z">por</subfield></datafield><datafield tag="700" ind1=" " ind2="1"><subfield code="a">Holt</subfield><subfield code="b">Victoria</subfield></datafield><datafield tag="702" ind1=" " ind2="1"><subfield code="a">Moura</subfield><subfield code="b">Maria Emília Ferros</subfield><subfield code="4">730</subfield></datafield><datafield tag="801" ind1=" " ind2="0"><subfield code="a">PT</subfield><subfield code="b">Biblioteca Municipal de Montalegre</subfield><subfield code="g">RPC</subfield></datafield><datafield tag="856" ind1=" " ind2=" "><subfield code="u">locateMedia.asp?cod=20060517110435&amp;ext=jpg</subfield><subfield code="z">CAPA</subfield></datafield><datafield tag="909" ind1="&#9;" ind2=" "><subfield code="a">1</subfield></datafield><datafield tag="966" ind1=" " ind2=" "><subfield code="a">0005332</subfield><subfield code="l">BMM</subfield><subfield code="s">SCG 821 HOL fol 6</subfield></datafield></record></collection>